<?xml version="1.0" encoding="UTF-8"?>
<collection>
    <record>
        <leader>03639cjm a2200793 i 4500</leader>
        <controlfield tag="001">9994459379606137</controlfield>
        <controlfield tag="005">20220714024803.0</controlfield>
        <controlfield tag="007">sd fsngnnmmned</controlfield>
        <controlfield tag="008">941109p19941992wlkmunn  fi       n zxx d</controlfield>
        <datafield tag="010" ind1=" " ind2=" ">
            <subfield code="a">   99589397 </subfield>
        </datafield>
        <datafield tag="019" ind1=" " ind2=" ">
            <subfield code="a">31430941</subfield>
            <subfield code="a">51466425</subfield>
            <subfield code="a">1011075415</subfield>
            <subfield code="a">1031866966</subfield>
            <subfield code="a">1057094489</subfield>
            <subfield code="a">1078035322</subfield>
            <subfield code="a">1296964411</subfield>
        </datafield>
        <datafield tag="024" ind1="1" ind2=" ">
            <subfield code="z">8360354032</subfield>
        </datafield>
        <datafield tag="024" ind1="1" ind2=" ">
            <subfield code="a">083603540326</subfield>
        </datafield>
        <datafield tag="024" ind1="0" ind2=" ">
            <subfield code="a">83603540326</subfield>
        </datafield>
        <datafield tag="028" ind1="0" ind2="2">
            <subfield code="a">NI 5403</subfield>
            <subfield code="b">Nimbus Records</subfield>
        </datafield>
        <datafield tag="028" ind1="0" ind2="0">
            <subfield code="a">D108493</subfield>
            <subfield code="b">Nimbus Records</subfield>
        </datafield>
        <datafield tag="029" ind1="1" ind2=" ">
            <subfield code="a">NZ1</subfield>
            <subfield code="b">12578092</subfield>
        </datafield>
        <datafield tag="033" ind1="1" ind2="0">
            <subfield code="a">19920320</subfield>
            <subfield code="a">19920330</subfield>
            <subfield code="a">19920401</subfield>
            <subfield code="b">5763</subfield>
            <subfield code="c">M55</subfield>
        </datafield>
        <datafield tag="035" ind1=" " ind2=" ">
            <subfield code="a">(OCoLC)33946078</subfield>
            <subfield code="z">(OCoLC)31430941</subfield>
            <subfield code="z">(OCoLC)51466425</subfield>
            <subfield code="z">(OCoLC)1011075415</subfield>
            <subfield code="z">(OCoLC)1031866966</subfield>
            <subfield code="z">(OCoLC)1057094489</subfield>
            <subfield code="z">(OCoLC)1078035322</subfield>
            <subfield code="z">(OCoLC)1296964411</subfield>
        </datafield>
        <datafield tag="035" ind1=" " ind2=" ">
            <subfield code="a">(OCoLC)ocm33946078 </subfield>
        </datafield>
        <datafield tag="035" ind1=" " ind2=" ">
            <subfield code="a">(EXLNZ-01CUNY_NETWORK)991029074613006121</subfield>
        </datafield>
        <datafield tag="035" ind1=" " ind2=" ">
            <subfield code="a">(01CUNY_QC)9994459379606137</subfield>
        </datafield>
        <datafield tag="040" ind1=" " ind2=" ">
            <subfield code="a">COV</subfield>
            <subfield code="b">eng</subfield>
            <subfield code="e">rda</subfield>
            <subfield code="c">DLC</subfield>
            <subfield code="d">IF9</subfield>
            <subfield code="d">CPL</subfield>
            <subfield code="d">OCLCF</subfield>
            <subfield code="d">ELW</subfield>
            <subfield code="d">ORU</subfield>
            <subfield code="d">YOU</subfield>
            <subfield code="d">COV</subfield>
            <subfield code="d">OCLCO</subfield>
            <subfield code="d">VVW</subfield>
            <subfield code="d">OCLCO</subfield>
        </datafield>
        <datafield tag="041" ind1="0" ind2=" ">
            <subfield code="g">eng</subfield>
            <subfield code="g">fre</subfield>
            <subfield code="g">ger</subfield>
            <subfield code="m">eng</subfield>
        </datafield>
        <datafield tag="042" ind1=" " ind2=" ">
            <subfield code="a">lccopycat</subfield>
        </datafield>
        <datafield tag="045" ind1=" " ind2=" ">
            <subfield code="a">v7v7</subfield>
        </datafield>
        <datafield tag="047" ind1=" " ind2=" ">
            <subfield code="a">sy</subfield>
            <subfield code="a">ov</subfield>
        </datafield>
        <datafield tag="048" ind1=" " ind2=" ">
            <subfield code="a">oa</subfield>
        </datafield>
        <datafield tag="049" ind1=" " ind2=" ">
            <subfield code="a">XQMM</subfield>
        </datafield>
        <datafield tag="050" ind1=" " ind2="4">
            <subfield code="a">M1001</subfield>
            <subfield code="b">.B33 op.18</subfield>
        </datafield>
        <datafield tag="082" ind1="0" ind2="4">
            <subfield code="a">785</subfield>
        </datafield>
        <datafield tag="100" ind1="1" ind2=" ">
            <subfield code="a">Bach, Johann Christian,</subfield>
            <subfield code="d">1735-1782,</subfield>
            <subfield code="e">composer.</subfield>
        </datafield>
        <datafield tag="240" ind1="1" ind2="0">
            <subfield code="a">Symphonies,</subfield>
            <subfield code="n">op. 18</subfield>
        </datafield>
        <datafield tag="245" ind1="1" ind2="0">
            <subfield code="a">Six grand overtures :</subfield>
            <subfield code="b">op. 18 /</subfield>
            <subfield code="c">J.C. Bach.</subfield>
        </datafield>
        <datafield tag="246" ind1="3" ind2=" ">
            <subfield code="a">6 grand overtures</subfield>
        </datafield>
        <datafield tag="246" ind1="3" ind2="0">
            <subfield code="a">Grand overtures</subfield>
        </datafield>
        <datafield tag="264" ind1=" " ind2="1">
            <subfield code="a">Wyastone Leys, Monmouth ;</subfield>
            <subfield code="a">Charlottesville, Virginia :</subfield>
            <subfield code="b">Nimbus Records,</subfield>
            <subfield code="c">[1994]</subfield>
        </datafield>
        <datafield tag="264" ind1=" " ind2="4">
            <subfield code="c">℗1994</subfield>
        </datafield>
        <datafield tag="300" ind1=" " ind2=" ">
            <subfield code="a">1 audio disc (71 min., 25 sec.) :</subfield>
            <subfield code="b">digital, stereo ;</subfield>
            <subfield code="c">4 3/4 in.</subfield>
        </datafield>
        <datafield tag="306" ind1=" " ind2=" ">
            <subfield code="a">001048</subfield>
            <subfield code="a">000926</subfield>
            <subfield code="a">001311</subfield>
            <subfield code="a">001054</subfield>
            <subfield code="a">001353</subfield>
            <subfield code="a">001213</subfield>
        </datafield>
        <datafield tag="336" ind1=" " ind2=" ">
            <subfield code="a">performed music</subfield>
            <subfield code="b">prm</subfield>
            <subfield code="2">rdacontent</subfield>
        </datafield>
        <datafield tag="337" ind1=" " ind2=" ">
            <subfield code="a">audio</subfield>
            <subfield code="b">s</subfield>
            <subfield code="2">rdamedia</subfield>
        </datafield>
        <datafield tag="338" ind1=" " ind2=" ">
            <subfield code="a">audio disc</subfield>
            <subfield code="b">sd</subfield>
            <subfield code="2">rdacarrier</subfield>
        </datafield>
        <datafield tag="340" ind1=" " ind2=" ">
            <subfield code="a">plastic</subfield>
            <subfield code="a">metal</subfield>
            <subfield code="b">4 3/4 in.</subfield>
            <subfield code="f">1.4 m/s</subfield>
            <subfield code="j">mass-produced.</subfield>
        </datafield>
        <datafield tag="344" ind1=" " ind2=" ">
            <subfield code="a">digital</subfield>
            <subfield code="2">rdatr</subfield>
        </datafield>
        <datafield tag="344" ind1=" " ind2=" ">
            <subfield code="b">optical</subfield>
            <subfield code="2">rdarm</subfield>
        </datafield>
        <datafield tag="344" ind1=" " ind2=" ">
            <subfield code="g">stereo</subfield>
            <subfield code="2">rdacpc</subfield>
        </datafield>
        <datafield tag="347" ind1=" " ind2=" ">
            <subfield code="a">audio file</subfield>
            <subfield code="2">rdaft</subfield>
        </datafield>
        <datafield tag="347" ind1=" " ind2=" ">
            <subfield code="b">CD audio</subfield>
        </datafield>
        <datafield tag="382" ind1="0" ind2="1">
            <subfield code="3">Overtures no. 1, 3, 5</subfield>
            <subfield code="a">orchestra</subfield>
            <subfield code="e">2</subfield>
            <subfield code="t">2</subfield>
            <subfield code="2">lcmpt</subfield>
        </datafield>
        <datafield tag="382" ind1="0" ind2="1">
            <subfield code="3">Overtures no. 2, 4, 6</subfield>
            <subfield code="a">orchestra</subfield>
            <subfield code="e">1</subfield>
            <subfield code="t">1</subfield>
            <subfield code="2">lcmpt</subfield>
        </datafield>
        <datafield tag="500" ind1=" " ind2=" ">
            <subfield code="a">Title from disc label.</subfield>
        </datafield>
        <datafield tag="511" ind1="0" ind2=" ">
            <subfield code="a">English Symphony Orchestra ; William Boughton, conductor.</subfield>
        </datafield>
        <datafield tag="518" ind1=" " ind2=" ">
            <subfield code="o">Recorded</subfield>
            <subfield code="d">1992 March 20</subfield>
            <subfield code="d">1992 March 30</subfield>
            <subfield code="d">1992 April 1</subfield>
            <subfield code="p">Concert Hall of the Nimbus Foundation, Wyastone Leys, Monmouth.</subfield>
        </datafield>
        <datafield tag="500" ind1=" " ind2=" ">
            <subfield code="a">Program notes by David Ponsford and biographical notes in English with French and German translations (8 unnumbered pages) inserted in container.</subfield>
        </datafield>
        <datafield tag="505" ind1="0" ind2=" ">
            <subfield code="a">No. 1 in E flat major for double orchestra (10:48) -- No. 2 in B flat major for single orchestra : originally, overture to Lucio Silla, Mannheim 1774 (9:26) -- No. 3 in D major for double orchestra : originally, overture to Endimione, London 1772 (13:11) -- No. 4 in D major for single orchestra : 1st and 3rd movements from overture to Temistocle, Mannheim 1772 (10:54) -- No. 5 in E major for double orchestra (13:53) -- No. 6 in D major for single orchestra : originally from Amadis de Gaule, Paris 1779 (12:13).</subfield>
        </datafield>
        <datafield tag="650" ind1=" " ind2="0">
            <subfield code="a">Symphonies.</subfield>
        </datafield>
        <datafield tag="650" ind1=" " ind2="0">
            <subfield code="a">Overtures.</subfield>
        </datafield>
        <datafield tag="650" ind1=" " ind2="6">
            <subfield code="a">Symphonies.</subfield>
            <subfield code="0">(CaQQLa)201-0075336</subfield>
        </datafield>
        <datafield tag="650" ind1=" " ind2="6">
            <subfield code="a">Ouvertures (Orchestre)</subfield>
            <subfield code="0">(CaQQLa)201-0045950</subfield>
        </datafield>
        <datafield tag="650" ind1=" " ind2="7">
            <subfield code="a">Overtures.</subfield>
            <subfield code="2">fast</subfield>
            <subfield code="0">(OCoLC)fst01049384</subfield>
        </datafield>
        <datafield tag="650" ind1=" " ind2="7">
            <subfield code="a">Symphonies.</subfield>
            <subfield code="2">fast</subfield>
            <subfield code="0">(OCoLC)fst01140873</subfield>
        </datafield>
        <datafield tag="655" ind1=" " ind2="7">
            <subfield code="a">Overtures.</subfield>
            <subfield code="2">fast</subfield>
            <subfield code="0">(OCoLC)fst01726472</subfield>
        </datafield>
        <datafield tag="655" ind1=" " ind2="7">
            <subfield code="a">Symphonies.</subfield>
            <subfield code="2">fast</subfield>
            <subfield code="0">(OCoLC)fst01726504</subfield>
        </datafield>
        <datafield tag="655" ind1=" " ind2="7">
            <subfield code="a">Symphonies.</subfield>
            <subfield code="2">lcgft</subfield>
        </datafield>
        <datafield tag="655" ind1=" " ind2="7">
            <subfield code="a">Overtures.</subfield>
            <subfield code="2">lcgft</subfield>
        </datafield>
        <datafield tag="655" ind1=" " ind2="7">
            <subfield code="a">Symphonies.</subfield>
            <subfield code="2">rvmgf</subfield>
            <subfield code="0">(CaQQLa)RVMGF-000000755</subfield>
        </datafield>
        <datafield tag="655" ind1=" " ind2="7">
            <subfield code="a">Ouvertures (Musique)</subfield>
            <subfield code="2">rvmgf</subfield>
            <subfield code="0">(CaQQLa)RVMGF-000000740</subfield>
        </datafield>
        <datafield tag="700" ind1="1" ind2=" ">
            <subfield code="a">Boughton, William,</subfield>
            <subfield code="d">1948-</subfield>
            <subfield code="e">conductor.</subfield>
        </datafield>
        <datafield tag="710" ind1="2" ind2=" ">
            <subfield code="a">English Symphony Orchestra (Worcester, England),</subfield>
            <subfield code="e">instrumentalist.</subfield>
        </datafield>
        <datafield tag="994" ind1=" " ind2=" ">
            <subfield code="a">C0</subfield>
            <subfield code="b">XQM</subfield>
        </datafield>
    </record>
</collection>